@article{spinellis2005version,
  title={Version control systems},
  author={Spinellis, Diomidis},
  journal={IEEE software},
  volume={22},
  number={5},
  pages={108--109},
  year={2005},
  publisher={IEEE}
}
@misc{harvie-2021,
  author = {Harvie, Lance},
  month = {12},
  title = {{Version Control — Why Do We Need It? - Lance Harvie}},
  url = {https://medium.com/@lanceharvieruntime/version-control-why-do-we-need-it-1681f4888cec},
  year = {2021},
}
@online{gupta-2021,
  author = {given-i=P., given=Pooja, family=Gupta},
  date = {2021-03-12},
  language = {american},
  title = {Bitbucket vs Github vs Gitlab},
  url = {https://www.educba.com/bitbucket-vs-github-vs-gitlab/},
}
@online{moducate-2022,
  author = {{Moducate}},
  date = {2022-03-25},
  language = {english},
  title = {Bitbucket vs GitHub vs GitLab | What are the differences?},
  url = {https://stackshare.io/stackups/bitbucket-vs-github-vs-gitlab},
  urldate = {2022-03-26},
}
@article{10.1145/1562164.1562183,
  author = {O'Sullivan, Bryan},
  title = {Making Sense of Revision-Control Systems},
  year = {2009},
  issue_date = {September 2009},
  publisher = {Association for Computing Machinery},
  address = {New York, NY, USA},
  volume = {52},
  number = {9},
  issn = {0001-0782},
  url = {https://doi.org/10.1145/1562164.1562183},
  doi = {10.1145/1562164.1562183},
  abstract = {All revision-control systems come with complicated sets of trade-offs. How do you find the best match between tool and team?},
  journal = {Commun. ACM},
  month = {sep},
  pages = {56–62},
  numpages = {7}
}
@book{hunt2003pragmatic,
  title={Pragmatic unit testing in Java with JUnit},
  author={Hunt, Andy and Thomas, Dave},
  year={2003},
  publisher={The Pragmatic Bookshelf}
}